@inproceedings{chor95,
  title={Private information retrieval},
  author={Chor, Benny and Goldreich, Oded and Kushilevitz, Eyal and Sudan, Madhu},
  booktitle={Proceedings of IEEE 36th Annual Foundations of Computer Science},
  pages={41--50},
  year={1995},
  organization={IEEE}
}

@inproceedings{gi14,
  title={Distributed point functions and their applications},
  author={Gilboa, Niv and Ishai, Yuval},
  booktitle={Annual International Conference on the Theory and Applications of Cryptographic Techniques},
  pages={640--658},
  year={2014},
  organization={Springer}
}

@inproceedings{bgi15,
  title={Function secret sharing},
  author={Boyle, Elette and Gilboa, Niv and Ishai, Yuval},
  booktitle={Annual international conference on the theory and applications of cryptographic techniques},
  pages={337--367},
  year={2015},
  organization={Springer}
}


@misc{bgi18,
    author = {Elette Boyle and Niv Gilboa and Yuval Ishai},
    title        = {Function Secret Sharing: Improvements and Extensions},
    howpublished = {Cryptology ePrint Archive, Report 2018/707},
    year         = {2018},
}

@article{tajeddine19,
  title={Private information retrieval from coded storage systems with colluding, Byzantine, and unresponsive servers},
  author={Tajeddine, Razane and Gnilke, Oliver W and Karpuk, David and Freij-Hollanti, Ragnar and Hollanti, Camilla},
  journal={IEEE Transactions on information theory},
  volume={65},
  number={6},
  pages={3898--3906},
  year={2019},
  publisher={IEEE}
}

@incollection{halevi17,
  title={Homomorphic encryption},
  author={Halevi, Shai},
  booktitle={Tutorials on the Foundations of Cryptography},
  pages={219--276},
  year={2017},
  publisher={Springer}
}

@inproceedings{gsw13,
  title={Homomorphic encryption from learning with errors: Conceptually-simpler, asymptotically-faster, attribute-based},
  author={Gentry, Craig and Sahai, Amit and Waters, Brent},
  booktitle={Annual Cryptology Conference},
  pages={75--92},
  year={2013},
  organization={Springer}
}

